../Thesis/latex_bibliography.bib