% This file was created with JabRef 2.7.
% Encoding: Cp1252
@INPROCEEDINGS{NETWORKTOPOLOGY, 
author={Kubler, S. and Pahwa, S. and Schulz, N. and Scoglio, C.}, 
booktitle={North American Power Symposium (NAPS), 2011}, title={A simulative analysis of the robustness of Smart Grid communication networks}, 
year={2011}, 
month={August}, 
volume={}, 
number={}, 
pages={1 -7}, 
keywords={C++;communication network architecture;communication network interdependency;equipment failure;intelligent device;network design;power grid;simulation model;simulator program;smart grid communication network robustness;smart meter;traffic demand;C++ language;automatic meter reading;power system reliability;power system simulation;smart power grids;telecommunication network reliability;}, 
doi={10.1109/NAPS.2011.6025099}, 
ISSN={},}

@INPROCEEDINGS{CYBERRESEARCHCALL, 
author={Singh, C. and Sprintson, A.}, 
booktitle={Power and Energy Society General Meeting, 2010 IEEE}, title={Reliability assurance of cyber-physical power systems}, 
year={2010}, 
month={July}, 
volume={}, 
number={}, 
pages={1 -6}, 
keywords={cyber-physical power systems;fault tolerance;power grid failure;power system reliability assurance;smart grid;fault tolerance;power engineering computing;power system reliability;smart power grids;}, 
doi={10.1109/PES.2010.5590189}, 
ISSN={1944-9925},}

@ARTICLE{SMARTGRIDBENEFITS, 
author={Yan, Y. and Qian, Y. and Sharif, H. and Tipper, D.}, 
journal={Communications Surveys Tutorials, IEEE}, title={A Survey on Smart Grid Communication Infrastructures: Motivations, Requirements and Challenges}, 
year={2012}, 
month={ }, 
volume={PP}, 
number={99}, 
pages={1 -16}, 
keywords={}, 
doi={10.1109/SURV.2012.021312.00034}, 
ISSN={1553-877X},}

@INPROCEEDINGS{LOADBALANCING, 
author={Akella, R. and Fanjun Meng and Ditch, D. and McMillin, B. and Crow, M.}, 
booktitle={Smart Grid Communications (SmartGridComm), 2010 First IEEE International Conference on}, title={Distributed Power Balancing for the {FREEDM} System}, 
year={2010}, 
month={October}, 
volume={}, 
number={}, 
pages={7 -12}, 
keywords={FREEDM microgrid system;IEM nodes;distribuated power balancing scheme;distributed algorithms;distributed grid intelligence;energy sources storage;functional SST model;intelligent energy management;power generation economics;renewable energy;smart grid;distributed algorithms;distributed power generation;energy management systems;power generation economics;smart power grids;}, 
doi={10.1109/SMARTGRID.2010.5622003}, 
ISSN={},}

@INPROCEEDINGS{INCREMENTALCONSENSUS, 
author={Ziang Zhang and Mo-Yuen Chow}, 
booktitle={Power and Energy Society General Meeting, 2011 IEEE}, title={Incremental cost consensus algorithm in a smart grid environment}, 
year={2011}, 
month={July}, 
volume={}, 
number={}, 
pages={1 -6}, 
keywords={conventional centralized control problem;convergence speeds;distributed control algorithms;distributed controllers;distribution system topologies;economic dispatch problem;generation unit;incremental cost consensus algorithm;next generation power system;row-stochastic matrices;smart grid environment;centralised control;costing;distributed control;matrix algebra;power generation control;power generation dispatch;power generation economics;smart power grids;}, 
doi={10.1109/PES.2011.6039422}, 
ISSN={1944-9925},}

@ARTICLE{INVITATIONELECTION, 
author={Garcia-Molina, H.}, 
journal={Computers, IEEE Transactions on}, title={Elections in a Distributed Computing System}, 
year={1982}, 
month={January}, 
volume={C-31}, 
number={1}, 
pages={48 -59}, 
keywords={Crash recovery;distributed computing systems;elections;failures;mutual exclusion;reorganization;}, 
doi={10.1109/TC.1982.1675885}, 
ISSN={0018-9340},}

@MISC{PSCAD,
author={Manitoba HVDC Research Centre},
title={PSCAD.com},
month={May},
year={2012},
note="\texttt{http://pscad.com}"
}

@MISC{RSCAD,
author={RTDS Technologies},
title={Power Systems Simulator Software: RSCAD Software Suite},
month={May},
year={2012},
note="\texttt{http://www.rtds.com/software/rscad/rscad.html}"
}

@MISC{BOOST,
author={Dawes, B. and Abrahams, D. and Rivera, R. },
title={Boost C++ Libraries},
month={May},
year={2012},
note="\texttt{http://www.boost.org}"
}

@MISC{FABRIC,
author={Hansen, C. V. and Forcier, J. E. },
title={Fabric},
month={May},
year={2012},
note="\texttt{http://fabfile.org}"
}

