@INPROCEEDINGS{NETWORKTOPOLOGY, author={Kubler, S. and Pahwa, S. and Schulz, N. and Scoglio, C.},
booktitle={North American Power Symposium (NAPS), 2011}, title={A simulative analysis of the robustness of Smart Grid communication networks},
year={2011},
month={August},
volume={},
number={},
pages={1 -7},
keywords={C++;communication network architecture;communication network interdependency;equipment failure;intelligent device;network design;power grid;simulation model;simulator program;smart grid communication network robustness;smart meter;traffic demand;C++ language;automatic meter reading;power system reliability;power system simulation;smart power grids;telecommunication network reliability;},
doi={10.1109/NAPS.2011.6025099},
ISSN={},}

@INPROCEEDINGS{CYBERRESEARCHCALL,
author={Singh, C. and Sprintson, A.},
booktitle={Power and Energy Society General Meeting, 2010 IEEE}, title={Reliability assurance of cyber-physical power systems},
year={2010},
month={July},
volume={},
number={},
pages={1 -6},
keywords={cyber-physical power systems;fault tolerance;power grid failure;power system reliability assurance;smart grid;fault tolerance;power engineering computing;power system reliability;smart power grids;},
doi={10.1109/PES.2010.5590189},
ISSN={1944-9925},}

@ARTICLE{SMARTGRIDBENEFITS,
author={Yan, Y. and Qian, Y. and Sharif, H. and Tipper, D.},
journal={Communications Surveys Tutorials, IEEE}, title={A Survey on Smart Grid Communication Infrastructures: Motivations, Requirements and Challenges},
year={2012},
month={ },
volume={PP},
number={99},
pages={1 -16},
keywords={},
doi={10.1109/SURV.2012.021312.00034},
ISSN={1553-877X},}

@INPROCEEDINGS{LOADBALANCING,
author={Akella, R. and Fanjun Meng and Ditch, D. and McMillin, B. and Crow, M.},
booktitle={Smart Grid Communications (SmartGridComm), 2010 First IEEE International Conference on}, title={Distributed Power Balancing for the {FREEDM} System},
year={2010},
month={October},
volume={},
number={},
pages={7 -12},
keywords={FREEDM microgrid system;IEM nodes;distribuated power balancing scheme;distributed algorithms;distributed grid intelligence;energy sources storage;functional SST model;intelligent energy management;power generation economics;renewable energy;smart grid;distributed algorithms;distributed power generation;energy management systems;power generation economics;smart power grids;},
doi={10.1109/SMARTGRID.2010.5622003},
ISSN={},}

@INPROCEEDINGS{INCREMENTALCONSENSUS,
author={Ziang Zhang and Mo-Yuen Chow},
booktitle={Power and Energy Society General Meeting, 2011 IEEE}, title={Incremental cost consensus algorithm in a smart grid environment},
year={2011},
month={July},
volume={},
number={},
pages={1 -6},
keywords={conventional centralized control problem;convergence speeds;distributed control algorithms;distributed controllers;distribution system topologies;economic dispatch problem;generation unit;incremental cost consensus algorithm;next generation power system;row-stochastic matrices;smart grid environment;centralised control;costing;distributed control;matrix algebra;power generation control;power generation dispatch;power generation economics;smart power grids;},
doi={10.1109/PES.2011.6039422},
ISSN={1944-9925},}

@ARTICLE{INVITATIONELECTION,
author={Garcia-Molina, H.},
journal={Computers, IEEE Transactions on}, title={Elections in a Distributed Computing System},
year={1982},
month={January},
volume={C-31},
number={1},
pages={48 -59},
keywords={Crash recovery;distributed computing systems;elections;failures;mutual exclusion;reorganization;},
doi={10.1109/TC.1982.1675885},
ISSN={0018-9340},}

@MISC{PSCAD,
author={Manitoba HVDC Research Centre},
title={PSCAD.com},
month={May},
year={2012},
note="\texttt{http://pscad.com}"
}

@MISC{OMNET,
author={OMNeT++ Community},
title={OmNet++},
month={May},
year={2012},
note="\texttt{http://http://www.omnetpp.org/}"
}

@MISC{RSCAD,
author={RTDS Technologies},
title={Power Systems Simulator Software: RSCAD Software Suite},
month={May},
year={2012},
note="\texttt{http://www.rtds.com/software/rscad/rscad.html}"
}

@MISC{BOOST,
author={Dawes, B. and Abrahams, D. and Rivera, R. },
title={Boost C++ Libraries},
month={May},
year={2012},
note="\texttt{http://www.boost.org}"
}

@MISC{PROTOBUF,
  title={Protocol Buffers},
  author={Google},
  howpublished={\url{http://code.google.com/apis/protocolbuffers/}},
}

@MISC{NS3,
  title={Network Simulator 3.23},
  author={NS-3 Consortium},
  howpublished={\texttt{http://www.nsnam.org/}},
}

@MISC{FABRIC,
author={Hansen, C. V. and Forcier, J. E. },
title={Fabric},
month={May},
year={2012},
note="\texttt{http://fabfile.org}"
}

@MISC{SHARPE,
author={Kishor, K. S.},
title={SharpE},
month={March},
year={2014},
note="\texttt{http://sharpe.pratt.duke.edu/}"
}

@MISC{FREEDMGITHUB,
author={McMillin, B.},
title={{FREEDM} {DGI}},
note="\texttt{https://github.com/FREEDM-DGI/FREEDM}"
}

@MISC{FREEDM,
author={{NSF FREEDM Systems Center}},
title={{FREEDM, The Future Renewable Electric Energy Delivery and Management Systems Center}},
note="\texttt{http://www.freedm.ncsu.edu/}"
}

@article{FAILUREDETECTORS,
 author = {Chandra, T. D. and Toueg, S.},
 title = {Unreliable failure detectors for reliable distributed systems},
 journal = {J. ACM},
 issue_date = {March 1996},
 volume = {43},
 number = {2},
 month = mar,
 year = {1996},
 issn = {0004-5411},
 pages = {225--267},
 numpages = {43},
 url = {http://doi.acm.org/10.1145/226643.226647},
 doi = {10.1145/226643.226647},
 acmid = {226647},
 publisher = {ACM},
 address = {New York, NY, USA},
 keywords = {Byzantine Generals' problem, agreement problem, asynchronous systems, atomic broadcast, commit problem, consensus problem, crash failures, failure detection, fault-tolerance, message passing, partial synchrony, processor failures},
}

@inproceedings{WEAKESTFAILURE1,
 author = {Chandra, T. D. and Hadzilacos, V. and Toueg, S.},
 title = {The weakest failure detector for solving consensus},
 booktitle = {Proceedings of the Eleventh Annual ACM Symposium on Principles of Distributed Computing},
 series = {PODC '92},
 year = {1992},
 isbn = {0-89791-495-3},
 location = {Vancouver, British Columbia, Canada},
 pages = {147--158},
 numpages = {12},
 url = {http://doi.acm.org/10.1145/135419.135451},
 doi = {10.1145/135419.135451},
 acmid = {135451},
 publisher = {ACM},
 address = {New York, NY, USA},
}

@article{WEAKESTFAILURE2,
 author = {Chandra, Tushar Deepak and Hadzilacos, Vassos and Toueg, Sam},
 title = {The weakest failure detector for solving consensus},
 journal = {J. ACM},
 issue_date = {July 1996},
 volume = {43},
 number = {4},
 month = jul,
 year = {1996},
 issn = {0004-5411},
 pages = {685--722},
 numpages = {38},
 url = {http://doi.acm.org/10.1145/234533.234549},
 doi = {10.1145/234533.234549},
 acmid = {234549},
 publisher = {ACM},
 address = {New York, NY, USA},
 keywords = {Byzantine Generals' problem, agreement problem, asynchronous systems, atomic broadcast, commit problem, consensus problem, crash failures, failure detection, fault-tolerance, message passing, partial synchrony, processor failures},
}

@INPROCEEDINGS{LEADERELECTIONEVAL,
author={Gomez-Calzado, C. and Larrea, M. and Soraluze, I. and Lafuente, A. and Cortinas, R.},
booktitle={Parallel, Distributed and Network-Based Processing (PDP), 2013 21st Euromicro International Conference on},
title={An Evaluation of Efficient Leader Election Algorithms for Crash-Recovery Systems},
year={2013},
pages={180-188},
keywords={distributed processing;fault tolerant computing;quality of service;OMNeT++ network simulation framework;Omega class;QoS;communication efficiency;crash-recovery systems;distributed systems;eventual leader election functionality;failure detectors;incarnation number;leader identity;near-communication-efficiency;performance evaluation;quality of service;Omega failure detector;communication efficiency;crash-recovery;leader election},
doi={10.1109/PD},
ISSN={1066-6192},}

@BOOK{ISISTOOLKIT,
author={Birman, K. and Renesse R.},
title={Reliable Distributed Computing with the Isis Toolkit},
year={1994},
ISBN={0-8186-5342-6},
publisher={IEEE Computer Society Press},
address={Los Alamitos, CA 90720-1264}
}

@INPROCEEDINGS{EXTENDEDVIRTUALSYNCHRONY,
author={Moser, L. E. and Amir, Y. and Melliar-Smith, P. M. and Agarwal, D. A.},
booktitle={Distributed Computing Systems, 1994., Proceedings of the 14th International Conference on},
title={Extended virtual synchrony},
year={1994},
pages={56-65},
keywords={computer networks;network operating systems;Isis system;broadcast communication;distributed system;extended virtual synchrony;failure atomicity properties;group communication transport service;multicast communication;network partitioning;partitioned network;process failure;process recovery;Bridges;Broadcasting;Computer science;Electronic switching systems;Hardware;Intersymbol interference;Local area networks;Multicast algorithms;Multicast protocols;Partitioning algorithms},
doi={10.1109/ICDCS.1994.302392},}

@TECHREPORT{HORUSTOOLKIT,
    author = {Robbert Van Renesse and Takako M. Hickey and Kenneth P. Birman},
    title = {Design and Performance of {Horus}: A Lightweight Group Communications System},
    institution = {Cornell},
    year = {1994}
}

@INPROCEEDINGS{TRANSISTOOLKIT,
author={Amir, Y. and Dolev, D. and Kramer, S. and Malki, D.},
booktitle={Fault-Tolerant Computing, 1992. FTCS-22. Digest of Papers., Twenty-Second International Symposium on},
title={Transis: a communication subsystem for high availability},
year={1992},
pages={76-84},
keywords={fault tolerant computing;protocols;Transis;automatic maintenance;broadcast;communication subsystem;dynamic membership;high availability;membership algorithm;partitions;reliable multicast services;remerging;transport layer;Availability;Broadcasting;Hardware;Intersymbol interference;Local area networks;Maintenance;Message passing;Network topology;Packaging;Protocols},
doi={10.1109/FTCS.1992.243613},}

@ARTICLE{TOTEMTOOLKIT,
    author = {L.E. Moser and P.M. Melliar-Smith and D. A. Agarwal and R. K. Budhia and C. A. Lingley-papadopoulos},
    title = {Totem: A Fault-Tolerant Multicast Group Communication System},
    journal = {Communications of the ACM},
    year = {1996},
    volume = {39},
    pages = {54--63}
}

@TECHREPORT{SPREADTOOLKIT,
	author = {Y. Amir and C. Danilov and M. Miskin-Amir and J. Schultz and J. Stanton},
	title = {The Spread Toolkit: Architecture and Performance},
	institution = {Johns Hopkins University},
	year = {2004}
}

@INPROCEEDINGS{CRITIS2012,
  title={The Effects of Network Link Unreliability for Leader Election Algorithm in a Smart Grid System},
  author={Jackson, S. and McMillin, B. M.},
  booktitle={Critical Information Infrastructures Security},
  pages={59--70},
  year={2013},
  publisher={Springer, Berlin, Heidelberg}
}

@INPROCEEDINGS{HARINI,
author={Choudhari, A. and Ramaprasad, H. and Paul, T. and Kimball, J.W. and Zawodniok, M. and McMillin, B. and Chellappan, S.},
booktitle={Computer Software and Applications Conference (COMPSAC), 2013 IEEE 37th Annual},
title={Stability of a Cyber-physical Smart Grid System Using Cooperating Invariants},
year={2013},
month={July},
pages={760-769},
keywords={distributed algorithms;power engineering computing;power system stability;smart power grids;CPS analysis;CPS design;computational components;computer networks;cooperating invariants;cyber-physical smart grid system;distributed algorithm;non-interfering logical invariants;power transfer scheduling;smart grid system stability;Analytical models;Power system stability;Scheduling;Smart grids;Stability analysis;Switches;Time factors;Cyber-Physical systems;invariants;smart grid},
doi={10.1109/COMPSAC.2013.126},}

@ARTICLE{CPS1,
author={Paul, T. and Kimball, J.W. and Zawodniok, M. and Roth, T.P. and McMillin, B. and Chellappan, S.},
journal={Smart Grid, IEEE Transactions on},
title={Unified Invariants for Cyber-Physical Switched System Stability},
year={2014},
month={Jan},
volume={5},
number={1},
pages={112-120},
keywords={Lyapunov methods;power engineering computing;power system stability;Lyapunov-like functions;computer networks;cyber invariants;cyber-physical switched system stability;distributed computation subsystems;networking invariants;physical invariants;switched dynamic CPS;unified invariants;Lyapunov methods;Peer-to-peer computing;Power system stability;Stability analysis;Switched systems;Switches;CPS;Lyapunov-like;invariant},
doi={10.1109/TSG.2013.2283171},
ISSN={1949-3053},}

@INPROCEEDINGS{CPS2,
author={Paul, T. and Kimball, J.W. and Zawodniok, M. and Roth, T.P. and McMillin, B.},
booktitle={Service-Oriented Computing and Applications (SOCA), 2011 IEEE International Conference on},
title={Invariants as a unified knowledge model for Cyber-Physical Systems},
year={2011},
month={Dec},
pages={1-8},
keywords={Lyapunov methods;computer networks;distributed algorithms;formal verification;frequency response;interconnections;invariance;load dispatching;message passing;power electronics;smart power grids;CPS research program;Lyapunov-like functions;Lyapunov-like invariant;advanced power electronics;alternative energy sources;computational correctness;computer networks interconnection;cyber controller;cyber invariant;cyber-physical system;distributed computation;energy function stability measurement;frequency response;message passing;network timing;overall system stability invariance;physical infrastructures;power dispatch algorithm;second perturbing pulse;smart grid type system;switched physical entity control;switched physical entity monitoring;system monitoring;system synthesis;system verification;unified knowledge model;Generators;Lyapunov methods;Power system stability;Stability analysis;Switched systems;Switches},
doi={10.1109/SOCA.2011.6166223},}

@INPROCEEDINGS{HILTESTBED,
author={Stanovich, M.J. and Leonard, I. and Sanjeev, K. and Steurer, M. and Roth, T.P. and Jackson, S. and Bruce, M.},
booktitle={Innovative Smart Grid Technologies (ISGT), 2013 IEEE PES},
title={Development of a smart-grid cyber-physical systems testbed},
year={2013},
month={Feb},
pages={1-6},
keywords={distributed control;distributed power generation;intelligent control;power distribution control;smart power grids;DGI;FREEDM project;Future Renewable Electrical Energy Delivery and Management project;controller hardware-in-the-Ioop real-time simulation;distributed control algorithms;distributed grid intelligence;higher-level control decentralization;intelligent control algorithms;power system technology;smart grid research community;smart-grid based control technology;smart-grid cyber-physical systems testbed;distributed control;real-time simuation;smart grid;testbed},
doi={10.1109/ISGT.2013.6497874},}

@INPROCEEDINGS{PHASORREADINGS,
author={Meliopoulos, A. P S and Cokkinides, G.J. and Wasynczuk, O. and Coyle, E. and Bell, M. and Hoffmann, C. and Nita-Rotaru, C. and Downar, T. and Tsoukalas, L. and Gao, R.},
booktitle={Power Engineering Society General Meeting, 2006. IEEE},
title={PMU data characterization and application to stability monitoring},
year={2006},
month={},
keywords={Lyapunov methods;SCADA systems;computerised instrumentation;phase measurement;power engineering computing;power system measurement;power system transient stability;GPS-synchronization;Lyapunov indirect method;PMU data characterization;SCADA systems;energy functions;instrumentation channels;real time estimation;substation installed devices;system imbalances;system stability monitoring;transient stability monitoring;voltage instability prediction;wide area protection;Control systems;Data visualization;Instruments;Monitoring;Phasor measurement units;Power system reliability;SCADA systems;Stability;Substation protection;Voltage control;Data Accuracy;Energy Function;GPS-synchronization;PMU;Transient Stability},
doi={10.1109/PES.2006.1709472},}

@ARTICLE{DCS,
author={Bong Jun Choi and Hao Liang and Xuemin Shen and Weihua Zhuang},
journal={Parallel and Distributed Systems, IEEE Transactions on},
title={DCS: Distributed Asynchronous Clock Synchronization in Delay Tolerant Networks},
year={2012},
month={March},
volume={23},
number={3},
pages={491-504},
keywords={delay tolerant networks;mobile communication;protocols;synchronisation;DCS protocol;clock accuracy;clock value convergence;delay tolerant network;distributed asynchronous clock synchronization;mobile node;neighbor discovery;node contact opportunity;Clocks;Convergence;Delay;Oscillators;Protocols;Synchronization;Time frequency analysis;Delay tolerant networks;clock synchronization;mobility;power management.},
doi={10.1109/TPDS.2011.179},
ISSN={1045-9219},}

@INPROCEEDINGS{FREEDMMIGRATION,
author={Akella, R. and Fanjun Meng and Ditch, D. and McMillin, B. and Crow, M.},
booktitle={Smart Grid Communications (SmartGridComm), 2010 First IEEE International Conference on},
title={Distributed Power Balancing for the {FREEDM} System},
year={2010},
month={Oct},
pages={7-12},
keywords={distributed algorithms;distributed power generation;energy management systems;power generation economics;smart power grids;FREEDM microgrid system;IEM nodes;distribuated power balancing scheme;distributed algorithms;distributed grid intelligence;energy sources storage;functional SST model;intelligent energy management;power generation economics;renewable energy;smart grid;Approximation algorithms;Batteries;Biological system modeling;Load modeling;Mathematical model;Peer to peer computing;Renewable energy resources},
doi={10.1109/SMARTGRID.2010.5622003},}

@INPROCEEDINGS{LE-SPECIALCIRCUMSTANCES-1,
author={Vasudevan, S. and DeCleene, B. and Immerman, N. and Kurose, J. and Towsley, D.},
booktitle={DARPA Information Survivability Conference and Exposition, 2003. Proceedings},
title={Leader election algorithms for wireless ad hoc networks},
year={2003},
month={April},
volume={1},
pages={261-272 vol.1},
keywords={ad hoc networks;distributed algorithms;security of data;telecommunication security;wireless LAN;Asynchronous Extrema Finding Algorithm;Secure Extrema Finding Algorithm;Secure Preference-based Leader Election Algorithm;candidate node;cheat-proof election algorithms;elector nodes;evaluation function;secure leader election algorithms;synchronous distributed system;topological changes;utility functions;wireless ad hoc networks;Ad hoc networks;Communication system security;Computer science;Cost accounting;Mobile ad hoc networks;Nominations and elections;Reactive power;Topology;Wireless application protocol;Wireless sensor networks},
doi={10.1109/DISCEX.2003.1194890},}

@ARTICLE{LE-SPECIALCIRCUMSTANCES-2,
author={Mohammed, N. and Otrok, H. and Lingyu Wang and Debbabi, M. and Bhattacharya, P.},
journal={Dependable and Secure Computing, IEEE Transactions on},
title={Mechanism Design-Based Secure Leader Election Model for Intrusion Detection in {MANET}},
year={2011},
month={Jan},
volume={8},
number={1},
pages={89-103},
keywords={ad hoc networks;mobile radio;telecommunication security;MANET security;Vickrey, Clarke, and Groves model;cluster independent leader election;cluster-dependent leader election;intrusion detection;mobile ad hoc networks;Clustering algorithms;Computer security;Cost function;Design engineering;Information systems;Intrusion detection;Laboratories;Mobile ad hoc networks;Nominations and elections;Systems engineering and theory;Leader election;intrusion detection systems;mechanism design and MANET security.},
doi={10.1109/TDSC.2009.22},
ISSN={1545-5971},}

@INPROCEEDINGS{LE-WSN-1,
author={Shirmohammadi, M.M. and Faez, K. and Chhardoli, M.},
booktitle={Communications and Mobile Computing, 2009. CMC '09. WRI International Conference on},
title={LELE: Leader Election with Load Balancing Energy in Wireless Sensor Network},
year={2009},
month={Jan},
volume={2},
pages={106-110},
keywords={protocols;wireless sensor networks;LEACH protocol;LELE protocol;leader election-load balancing energy;low energy adaptive clustering hierarchy;wireless sensor network;Costs;Fault tolerance;Lead;Load management;Nominations and elections;Protocols;Radio frequency;Scalability;Sensor phenomena and characterization;Wireless sensor networks;Leader Election;Load balancing Energy;Wireless Sensor Network;clustering},
doi={10.1109/CMC.2009.227},}

@INPROCEEDINGS{LE-WSN-2,
author={Qi Dong and Donggang Liu},
booktitle={Sensor, Mesh and Ad Hoc Communications and Networks, 2009. SECON '09. 6th Annual IEEE Communications Society Conference on},
title={Resilient Cluster Leader Election for Wireless Sensor Networks},
year={2009},
month={June},
pages={1-9},
keywords={resource allocation;routing protocols;telecommunication security;wireless sensor networks;data aggregation;distributed leader election security;hostile environment;load balancing;malicious attack;network routing protocol;resilient cluster leader election protocol;symmetric key operation;wireless sensor network;Computer crime;Computer network management;Computer science;Energy management;Load management;Nominations and elections;Protocols;Routing;Scalability;Wireless sensor networks},
doi={10.1109/SAHCN.2009.5168966},}

@INPROCEEDINGS{SHARPE2,
author={Sahner, R.A. and Trivedi, K.S.},
booktitle={Computer Performance and Dependability Symposium, 1996., Proceedings of IEEE International},
title={SHARPE: a modeler's toolkit},
year={1996},
month={Sep},
pages={58},
keywords={Petri nets;fault trees;formal specification;performance evaluation;software tools;Markov chains;SHARPE;acyclic task graphs;fault trees;generalized stochastic Petri nets;hierarchical performability model;modeler's toolkit;performance evaluator;product-form queueing networks;reliability block diagrams;reliability graphs;semi-Markov chains;specification;symbolic hierarchical automated reliability;Buildings;Cameras;Fault trees;Joining processes;Performance analysis;Petri nets;Probability distribution;Space vehicles;Specification languages;Stochastic processes},
doi={10.1109/IPDS.1996.540202},
ISSN={1087-2191},}

@ARTICLE{TSG,
author={Paul, T. and Kimball, J.W. and Zawodniok, M. and Roth, T.P. and McMillin, B. and Chellappan, S.},
journal={Smart Grid, IEEE Transactions on},
title={Unified Invariants for Cyber-Physical Switched System Stability},
year={2014},
month={Jan},
volume={5},
number={1},
pages={112-120},
keywords={Lyapunov methods;power engineering computing;power system stability;Lyapunov-like functions;computer networks;cyber invariants;cyber-physical switched system stability;distributed computation subsystems;networking invariants;physical invariants;switched dynamic CPS;unified invariants;Lyapunov methods;Peer-to-peer computing;Power system stability;Stability analysis;Switched systems;Switches;CPS;Lyapunov-like;invariant},
doi={10.1109/TSG.2013.2283171},
ISSN={1949-3053},}

@BOOK{MARKOV1,
author={Privault, N.},
title={Understanding Markov Chains},
year={2013},
ISBN={978-981-4451-51-2},
publisher={Springer Singapore}
}

@BOOK{MARKOV2,
author={Olofsson, P.},
title={Probability, Statistics, and Stochastic Processes, 2nd Edition},
year={2012},
ISBN={978-0-470-88974-9},
publisher={John Wiley \& Sons}
}

@BOOK{MARKOV3,
author={Bhat, U. Narayan},
title={Elements of applied stochastic processes, 2nd Edition},
year={1984},
ISBN={9780471878261},
publisher={John Wiley \& Sons}
}

@BOOK{DISTRIBUTED,
author={Ghosh, S.},
title={Distributed Systems: An Algorithmic Approach},
year={2007},
ISBN={978-1-58488-564-1},
publisher={Chapman \& Hall}
}

@INPROCEEDINGS{ECN1,
author={Lisha Ye and Mhamdi, L. and Hamdi, M.},
booktitle={Cloud Networking (CloudNet), 2014 IEEE 3rd International Conference on},
title={Efficient UDP-based congestion aware transport for data center traffic},
year={2014},
month={Oct},
pages={46-51},
keywords={computer centres;computer network management;transport protocols;DCUDP protocol;TCP protocol;UDP-based congestion aware transport;User Defined Protocol;data center traffic;transport control protocol;Conferences;Delays;Protocols;Receivers;Reliability;Servers;Throughput;Active Queue Management;Data center;Fairness;Throughput;UDP},
doi={10.1109/CloudNet.2014.6968967},}

@INPROCEEDINGS{ECN2,
author={Dracinschi, A. and Fdida, S.},
booktitle={Universal Multiservice Networks, 2000. ECUMN 2000. 1st European Conference on},
title={Congestion avoidance for unicast and multicast traffic},
year={2000},
month={},
pages={360-368},
keywords={minimax techniques;multicast communication;queueing theory;telecommunication congestion control;telecommunication network management;telecommunication network routing;telecommunication traffic;transport protocols;ICMP source quench messages;TCP-like fairness;UDP;best effort flows;congestion avoidance;explicit congestion notification;max-min fairness;multicast traffic;network congestion state;router active queue management;simulation;unicast traffic;Algorithm design and analysis;Bandwidth;Communication system control;Feedback;Internet;Multicast algorithms;Multicast protocols;Performance analysis;Traffic control;Unicast},
doi={10.1109/ECUMN.2000.880785},}

@ARTICLE{OMISSIONFAILURES,
    author = {Flaviu Cristian},
    title = {Understanding Fault-Tolerant Distributed Systems},
    journal = {COMMUNICATIONS OF THE ACM},
    year = {1993},
    volume = {34},
    pages = {56--78}
}

@INPROCEEDINGS{ICC1,
author={Ziang Zhang and Mo-Yuen Chow},
booktitle={IECON 2011 - 37th Annual Conference on IEEE Industrial Electronics Society},
title={The leader election criterion for decentralized economic dispatch using incremental cost consensus algorithm},
year={2011},
month={Nov},
pages={2730-2735},
keywords={distributed parameter systems;mathematical analysis;power generation dispatch;power generation economics;smart power grids;consensus variable;convergence rate;decentralized economic dispatch;effective distributed control algorithms;electrical power allocation;generation unit;incremental cost consensus algorithm;leader election criterion;mathematical formulation;network topologies;smart grid;Convergence;Intelligent sensors;Network topology;Power system stability;Simulation;Smart grids;Distributed control;economic dispatch;leader-follower consensus;multi-agent system;smart grid},
doi={10.1109/IECON.2011.6119743},
ISSN={1553-572X},}

@ARTICLE{ICC2,
author={Ziang Zhang and Mo-Yuen Chow},
journal={Power Systems, IEEE Transactions on},
title={Convergence Analysis of the Incremental Cost Consensus Algorithm Under Different Communication Network Topologies in a Smart Grid},
year={2012},
month={Nov},
volume={27},
number={4},
pages={1761-1768},
keywords={distributed control;distributed power generation;mathematical analysis;power distribution control;power generation control;power generation dispatch;power generation economics;smart power grids;telecommunication network topology;ICC algorithm;bus connection;centralized economic dispatch problem;communication network topology;convergence analysis;distributed control algorithm;electrical power allocation;incremental cost consensus algorithm;mathematical formulation;smart grid;Convergence;Distributed control;Heuristic algorithms;Multiagent systems;Network topology;Smart grids;Distributed control;economic dispatch;leader-follower consensus;multi-agent system;smart grid},
doi={10.1109/TPWRS.2012.2188912},
ISSN={0885-8950},}

@ARTICLE{SGNETFAULT,
author={Shichao Liu and Liu, P.X. and El Saddik, A.},
journal={Systems, Man, and Cybernetics: Systems, IEEE Transactions on},
title={Modeling and Stability Analysis of Automatic Generation Control Over Cognitive Radio Networks in Smart Grids},
year={2015},
month={Feb},
volume={45},
number={2},
pages={223-234},
keywords={cognitive radio;data communication;multi-access systems;power engineering computing;power generation control;radio spectrum management;smart power grids;stability;synchronisation;telecommunication traffic;CR networks;SU traffic;automatic generation control;cognitive radio networking technology;communication infrastructures;data transmission;delays;distribution process;networking technologies;packet losses;secondary user;smart grids;sojourn times;spectrum allocation capability;stability analysis;switched power system model;Analytical models;Asymptotic stability;Automatic generation control;Power system dynamics;Power system stability;Smart grids;Stability analysis;Automatic generation control (AGC);cognitive radio (CR);modeling;smart grid;stability analysis;switched system},
doi={10.1109/TSMC.2014.2351372},
ISSN={2168-2216},}

@INPROCEEDINGS{CARS1,
author={Koscher, K. and Czeskis, A. and Roesner, F. and Patel, S. and Kohno, T. and Checkoway, S. and McCoy, D. and Kantor, B. and Anderson, D. and Shacham, H. and Savage, S.},
booktitle={Security and Privacy (SP), 2010 IEEE Symposium on},
title={Experimental Security Analysis of a Modern Automobile},
year={2010},
month={May},
pages={447-462},
keywords={Automobiles;Automotive engineering;Computer networks;Computerized monitoring;Control systems;Pervasive computing;Roads;Safety;Security;Testing;Automobiles;communication standards;communication system security;computer security;data buses},
doi={10.1109/SP.2010.34},
ISSN={1081-6011},}

@INPROCEEDINGS{CARS2,
author={Rawat, D.B. and Bajracharya, C. and Gongjun Yan},
booktitle={SoutheastCon 2015},
title={Towards intelligent transportation Cyber-Physical Systems: Real-time computing and communications perspectives},
year={2015},
month={April},
pages={1-6},
keywords={intelligent transportation systems;road safety;vehicular ad hoc networks;wireless LAN;802.11p standard;CPS;DSRC;V2R;V2V;VANET;WAVE;communications perspectives;congestion problems;dedicated short range communication;driving components;economic impact;environmental impact;fuel consumption reduction;intelligent transportation cyber-physical systems;real-time computing perspectives;sensor networks;smart transportation cyber physical systems;traffic accidents;traffic jams;transportation safety;transportation sector;vehicle-to-roadside communications;vehicle-to-vehicle information exchange;vehicular ad hoc network;wireless access for vehicular environment;wireless communication;wireless communications;Cloud computing;Sensors;Vehicles;Vehicular ad hoc networks;Wireless communication;Wireless sensor networks;Vehicular networks;intelligent transportation systems;transportation cyber physical systems},
doi={10.1109/SECON.2015.7132923},}

@INPROCEEDINGS{AIRTRAFFIC1,
author={Sampigethaya, K. and Poovendran, R.},
booktitle={Aerospace Conference, 2012 IEEE},
title={Cyber-physical system framework for future aircraft and air traffic control},
year={2012},
month={March},
pages={1-9},
keywords={IP networks;aerospace computing;air traffic control;aircraft control;autonomous aerial vehicles;control engineering computing;mobile robots;surveillance;transport protocols;IP network;IP technology;Internet Protocol;adverse operational environment;air traffic control;air transport system modernization;airborne payload containers;aircraft control;aircraft system design;automated air navigation;automatic dependent surveillance broadcast ADS-B;cyber-physical system framework;cyberspace;e-enabled aircraft;future airspace system;group flight;in-aircraft system;off-board system;performance assurance;performance risk;unmanned aircraft;Aerospace electronics;Air traffic control;Aircraft;Aircraft navigation;Asynchronous transfer mode;Cyberspace},
doi={10.1109/AERO.2012.6187151},
ISSN={1095-323X},}

@INPROCEEDINGS{AIRTRAFFIC2,
author={Bai, Chongyang and Zhang, Xuejun},
booktitle={Computational and Information Sciences (ICCIS), 2011 International Conference on},
title={Aircraft Landing Scheduling in the Small Aircraft Transportation System},
year={2011},
month={Oct},
pages={1019-1022},
keywords={Aerospace electronics;Air traffic control;Aircraft;Aircraft propulsion;Airports;Genetic algorithms;Trajectory;SATS;conflict;genetic algorithm;landing;scheduling},
doi={10.1109/ICCIS.2011.65},}

@INPROCEEDINGS{MOYEEN,
author={Huq, K.M.M. and Baran, M.E. and Lukic, S. and Nare, O.E.},
booktitle={Energy Conversion Congress and Exposition (ECCE), 2012 IEEE},
title={An Energy Management System for a community energy storage system},
year={2012},
month={Sept},
pages={2759-2763},
keywords={distributed power generation;energy consumption;energy management systems;energy storage;load flow;photovoltaic power systems;EMS;PV systems;community energy storage system;community level;energy consumption;energy management system;microgrids;operational issues;peak loading conditions;reverse power flow;Batteries;Communities;Energy consumption;Energy management;Load flow;Power generation},
doi={10.1109/ECCE.2012.6342532},}

@ARTICLE{JOURNAL, 
author={Stephen Jackson and Bruce McMillin}, 
journal={Journal of Parallel and Distributed Computing}, 
title={Markov Models of Leader Elections in a Smart Grid System (Under Review)}, 
year={2016}, 
}

@REPORT{RFCECN,
  author = {K. Ramakrishnan and S. Floyd and D. Black},
  year = {2001},
  month = {9},
  title = {The Addition of Explicit Congestion Notification ({ECN}) to {IP}},
  note = {RFC 3168},
}

@REPORT{RFCSOURCEQUENCH,
  author = {F. Baker},
  year = {1995},
  month = {6},
  title = {Requirements for {IP} Version 4 Routers},
  note = {RFC 1812},
}
